@conference{kia1,
	author = {S. {Eckl} and D. {Krefft} and U. {Baumgarten}},
	year = {2015},
	month = {04},
	pages = {},
	title = {KIA4SM - Cooperative Integration Architecture for Future Smart Mobility Solutions},
	booktitle={Conference on Future Automotive Technology (CoFAT)},
	volume={4}
}

@INPROCEEDINGS{vipin1,
author={K. {Vipin} and S. {Shreejith} and S. A. {Fahmy} and A. {Easwaran}},
booktitle={2014 IEEE International Conference on Cyber-Physical Systems, Networks, and Applications}, 
title={Mapping Time-Critical Safety-Critical Cyber Physical Systems to Hybrid FPGAs}, 
year={2014},
volume={},
number={},
pages={31-36},
doi={10.1109/CPSNA.2014.14}}

@INPROCEEDINGS{vipin2,
author={K. {Vipin}},
booktitle={2018 IEEE 61st International Midwest Symposium on Circuits and Systems (MWSCAS)}, 
title={CANNoC: An open-source NoC architecture for ECU consolidation}, 
year={2018},
volume={},
number={},
pages={940-943},
doi={10.1109/MWSCAS.2018.8624006}}

@INPROCEEDINGS{mundhenk1,
author={P. {Mundhenk} and G. {Tibba} and L. {Zhang} and F. {Reimann} and D. {Roy} and S. {Chakraborty}},
booktitle={2017 54th ACM/EDAC/IEEE Design Automation Conference (DAC)}, 
title={Dynamic platforms for uncertainty management in future automotive E/E architectures}, 
year={2017},
volume={},
number={},
pages={1-6},
doi={10.1145/3061639.3072950}}

@book{buttazzo1,
author={Giorgio C. {Buttazzo}},
title={Hard Real-Time Computing Systems},
year={2011},
doi={10.1007/978-1-4614-0676-1}}

@masterthesis{taieb1,
author={Sam {Taieb}},
title={Deep Learning Based Schedulability Analysis for Migration of Software Components at Runtime},
year={2019}
}

@masterthesis{utz1,
author={Tatjana {Utz}},
title={Vergleich von heuristischen und Deep Learning basierten Schedulability Analyse Verfahren für die Migration von Softwarekomponenten zur Laufzeit},
year={2019}
}

@masterthesis{blieninger1,
author={Bernhard {Blieninger}},
title={Online Machine Learning for improved decision making regarding the migration of automotive software components at runtime},
year={2019}
}

@masterthesis{delgadillo1,
	author={Octavio Ivan {Delgadillo Ruiz}},
	title={Hardware-in-the-Loop Test Setup for a Generalistic Approach to Machine-Learning-Based Schedulability Analysis},
	year={2021}
}

@techreport{navet1,
author={Nicolas {Navet} and Tieu Long {Mai} and Jörn {Migge}},
title={Using Machine Learning to Speed Up the Design Space Exploration of Ethernet TSN networks},
year={2019},
month={1},
institution={University of Luxembourg}
}

@techreport{mckinsey1,
author={Ondrej {Burkacky} and Johannes {Deichmann} and Georg {Doll} and Christian {Knochenauer}},
title={Rethinking Car Software and Electronics Architecture},
year={2018},
month={2},
institution={McKinsey \& Company},
url={https://www.gsaglobal.org/wp-content/uploads/2018/12/3.-Rethinking-car-software-and-electronics-architecture-Feb-2018.pdf}
}

@techreport{pwc1,
	author={Felix {Kuhnert} and Christoph {Stürmer} and Alex {Koster}},
	title={Five Trends transforming the Automotive Industry},
	year={2018},
	institution={PricewaterhouseCoopers GmbH Wirtschaftsprüfungsgesellschaft},
	url={https://www.pwc.at/de/publikationen/branchen-und-wirtschaftsstudien/eascy-five-trends-transforming-the-automotive-industry_2018.pdf}
}

@techreport{ey1,
	author={Christian {Hainz} and Abhinav {Chauhan}},
	title={Automotive Change Drivers for the Next Decade},
	year={2016},
	institution={EY Global Automotive \& Transportation Sector},
	url={https://assets.ey.com/content/dam/ey-sites/ey-com/en_gl/topics/automotive-and-transportation/automotive-transportation-pdfs/EY-automotive-change-drivers-for-the-next-decade.pdf}
}


@INPROCEEDINGS{baunach1,
	author={Marcel {Baunach} and Renata {Martins Gomes} and Maja {Malenko} and Fabian {Mauroner} and Leandro {Batista Ribeiro} and Tobias {Scheipel}},
	booktitle={e \& i Elektrotechnik und Informationstechnik}, 
	title={Smart mobility of the future - a challenge for embedded automotive systems}, 
	year={2018},
	volume={135},
	number={4},
	pages={304-308},
	doi={10.1007/s00502-018-0623-6}
}

@article{bersuker1,
author={Gennady {Bersuker} and Maribeth {Mason} and Karen L. {Jones}},
title={Neuromorphic Computing: The Potential for High-Performance Processing in Space},
journal={Game Changer},
year={2018},
month={12},
pages={1-12}
}

@techreport{fleming1,
	author={Thomas D. {Fleming}},
	title={Extending Mixed Criticality Scheduling},
	institution={The University of York},
	year={2013}
}

@INPROCEEDINGS{ramanathan1,	
	author={Ramanathan, Saravanan and Easwaran, Arvind},	
	booktitle={2018 IEEE 21st International Symposium on Real-Time Distributed Computing (ISORC)}, 	
	title={Mixed-Criticality Scheduling on Multiprocessors with Service Guarantees}, 	
	year={2018},	
	volume={},	
	number={},	
	pages={17-24},	
	doi={10.1109/ISORC.2018.00011}}

@INPROCEEDINGS{libaruah1,
	author={Li, Haohan and Baruah, Sanjoy},
	booktitle={2012 24th Euromicro Conference on Real-Time Systems}, 
	title={Outstanding Paper Award: Global Mixed-Criticality Scheduling on Multiprocessors}, 
	year={2012},
	volume={},
	number={},
	pages={166-175},
	doi={10.1109/ECRTS.2012.41}}

@InProceedings{baruah1,
	author="Baruah, Sanjoy K.
	and Bonifaci, Vincenzo
	and D'Angelo, Gianlorenzo
	and Marchetti-Spaccamela, Alberto
	and van der Ster, Suzanne
	and Stougie, Leen",
	editor="Demetrescu, Camil
	and Halld{\'o}rsson, Magn{\'u}s M.",
	title="Mixed-Criticality Scheduling of Sporadic Task Systems",
	booktitle="Algorithms -- ESA 2011",
	year="2011",
	publisher="Springer Berlin Heidelberg",
	address="Berlin, Heidelberg",
	pages="555--566",
	abstract="We consider the scheduling of mixed-criticality task systems, that is, systems where each task to be scheduled has multiple levels of worst-case execution time estimates. We design a scheduling algorithm, EDF-VD, whose effectiveness we analyze using the processor speedup metric: we show that any 2-level task system that is schedulable on a unit-speed processor is correctly scheduled by EDF-VD using speed $\phi$; here $\phi${\thinspace}<{\thinspace}1.619 is the golden ratio. We also show how to generalize the algorithm to K{\thinspace}>{\thinspace}2 criticality levels.We finally consider 2-level instances on m identical machines. We prove speedup bounds for scheduling an independent collection of jobs and for the partitioned scheduling of a 2-level task system.",
	isbn="978-3-642-23719-5"
}

@INPROCEEDINGS{zhao1,
	author={Zhao, Xuejing and Wei, Yehua and Li, Wenjia},
	booktitle={2017 IEEE International Symposium on Parallel and Distributed Processing with Applications and 2017 IEEE International Conference on Ubiquitous Computing and Communications (ISPA/IUCC)}, 
	title={The Improved Earliest Deadline First with Virtual Deadlines Mixed-Criticality Scheduling Algorithm}, 
	year={2017},
	volume={},
	number={},
	pages={444-448},
	doi={10.1109/ISPA/IUCC.2017.00072}}

@INPROCEEDINGS{lili1,
	author={Li, Long and Li, Renfa and Huang, Lida and Wu, Renfei and Zeng, Lining},	
	booktitle={2013 IEEE 16th International Conference on Computational Science and Engineering}, 
	title={A New RTA Based Scheduling Algorithm for Mixed-Criticality Systems}, 
	year={2013},
	volume={},
	number={},
	pages={722-729},
	doi={10.1109/CSE.2013.111}}

@INPROCEEDINGS{baruah2,
	author={Baruah, S.K. and Burns, A. and Davis, R.I.},
	booktitle={2011 IEEE 32nd Real-Time Systems Symposium}, 
	title={Response-Time Analysis for Mixed Criticality Systems}, 
	year={2011},
	volume={},
	number={},
	pages={34-43},
	doi={10.1109/RTSS.2011.12}}

@INPROCEEDINGS{zeng1,
	author={Zeng, Lining and Lei, Yuan and Li, Yanxing},
	booktitle={2019 IEEE 10th International Conference on Software Engineering and Service Science (ICSESS)}, 
	title={A Semi-Partition Algorithm for Mixed-Criticality Tasks in Multiprocessor Platform}, 
	year={2019},
	volume={},
	number={},
	pages={694-697},	
	doi={10.1109/ICSESS47205.2019.9040792}}

@INPROCEEDINGS{gratia1,
	author={Gratia, Romain and Robert, Thomas and Pautet, Laurent},
	booktitle={2015 IEEE 20th Conference on Emerging Technologies   Factory Automation (ETFA)}, 
	title={Scheduling of mixed-criticality systems with RUN}, 
	year={2015},
	volume={},
	number={},
	pages={1-8},	
	doi={10.1109/ETFA.2015.7301484}}

